<collection><record><leader>00997nam a2200289I  4500</leader><controlfield tag="001">ocm02890306</controlfield><controlfield tag="005">19841219192256.0</controlfield><controlfield tag="008">770415q19601969rur           000 1 eng b</controlfield><datafield ind1=" " ind2=" " tag="010"><subfield code="a">61065507</subfield></datafield><datafield ind1=" " ind2=" " tag="020"><subfield code="a">1049126950</subfield></datafield><datafield ind1=" " ind2=" " tag="040"><subfield code="a">DLC</subfield><subfield code="c">TEU</subfield><subfield code="d">IOG</subfield><subfield code="d">WaOLN</subfield><subfield code="d">UtOrBLW</subfield></datafield><datafield ind1="1" ind2=" " tag="041"><subfield code="a">eng</subfield></datafield><datafield ind1=" " ind2=" " tag="049"><subfield code="a">IOGA</subfield></datafield><datafield ind1=" " ind2=" " tag="050"><subfield code="a">PZ1.D6595</subfield><subfield code="b">Vi</subfield></datafield><datafield ind1=" " ind2=" " tag="090"><subfield code="a">PG3276</subfield><subfield code="b">.D813x 1960z</subfield></datafield><datafield ind1=" " ind2=" " tag="090"><subfield code="a">PG3276</subfield><subfield code="b">.D813x 1960z</subfield><subfield code="m">IOGA</subfield><subfield code="i">35030001061676</subfield></datafield><datafield ind1="1" ind2=" " tag="100"><subfield code="a">Dutt, Violet L.</subfield></datafield><datafield ind1="1" ind2="2" tag="245"><subfield code="a">A visitor from outer space;</subfield><subfield code="b">science fiction stories by Soviet writers.</subfield><subfield code="c">[Translated from the Russian by Violet I. Dutt]</subfield></datafield><datafield ind1=" " ind2=" " tag="260"><subfield code="a">Moscow, Foreign Languages Pub. House,</subfield><subfield code="c">[196-?]</subfield></datafield><datafield ind1=" " ind2=" " tag="300"><subfield code="a">201 p.</subfield><subfield code="c">20 cm.</subfield></datafield><datafield ind1="1" ind2=" " tag="490"><subfield code="a">Science-fiction library.</subfield></datafield><datafield ind1=" " ind2="0" tag="650"><subfield code="a">Science fiction, Russian</subfield><subfield code="v">Translations into English.</subfield></datafield><datafield ind1=" " ind2="0" tag="650"><subfield code="a">Science fiction, English</subfield><subfield code="x">Translations from Russian.</subfield></datafield><datafield ind1=" " ind2="0" tag="830"><subfield code="a">Science-fiction library.</subfield></datafield><datafield ind1=" " ind2=" " tag="907"><subfield code="a">.b11061601</subfield><subfield code="b">06-16-09</subfield><subfield code="c">09-04-89</subfield></datafield><datafield ind1=" " ind2=" " tag="998"><subfield code="a">3rd</subfield><subfield code="b">12-19-84</subfield><subfield code="c">m</subfield><subfield code="d">a</subfield><subfield code="e">-</subfield><subfield code="f">eng</subfield><subfield code="g">   </subfield><subfield code="h">0</subfield><subfield code="i">0</subfield></datafield><datafield ind1="e" ind2="b" tag="947" /></record>
</collection>